@INPROCEEDINGS{AAFA, 
    author={S. Sadiq and Y. Yan and A. Taylor and M. Shyu and S. Chen and D. Feaster}, 
    booktitle={2017 IEEE International Conference on Information Reuse and Integration (IRI)}, 
    title={AAFA: Associative Affinity Factor Analysis for Bot Detection and Stance Classification in Twitter}, 
    year={2017}, 
    volume={}, 
    number={}, 
    pages={356-365}, 
    keywords={Internet;invasive software;pattern classification;politics;social networking (online);unsolicited e-mail;disruptive systems;associative affinity factor analysis;stance detection;bot identification;bipolar affinities;2016 U.S. Presidential election campaign;AAFA framework;bot detection;social interacting websites;troubling bodies;spam senders;malware systems;content contaminators;highly automated accounts;Twitter circulation;Twitter;Voting;Tagging;Metadata;Mood;Smart phones;Bot detection;stance classification;association affinity;factor analysis}, 
    doi={10.1109/IRI.2017.25}, 
    ISSN={}, 
    month={Aug},
    location={San Diego, CA}
}

@inproceedings{AidingDetectionFakeAccounts,
    author = {Cao, Qiang and Sirivianos, Michael and Yang, Xiaowei and Pregueiro, Tiago},
    title = {Aiding the Detection of Fake Accounts in Large Scale Social Online Services},
    booktitle = {Proceedings of the 9th USENIX Conference on Networked Systems Design and Implementation},
    //series = {NSDI'12},
    year = {2012},
    location = {San Jose, CA},
    pages = {197–210},
    url = {http://dl.acm.org/citation.cfm?id=2228298.2228319},
    acmid = {2228319},
    publisher = {USENIX Association},
    address = {Berkeley, CA, USA},
    month = {April}
} 

@inproceedings{BotOrNotASystem,
    author = {Davis, Clayton Allen and Varol, Onur and Ferrara, Emilio and Flammini, Alessandro and Menczer, Filippo},
    title = {BotOrNot: A System to Evaluate Social Bots},
    booktitle = {Proceedings of the 25th International Conference Companion on World Wide Web},
    year = {2016},
    //isbn = {978-1-4503-4144-8},
    pages = {273--274},
    numpages = {2},
    //url = {https://doi.org/10.1145/2872518.2889302},
    doi = {10.1145/2872518.2889302},
    publisher = {International World Wide Web Conferences Steering Committee},
    address = {Republic and Canton of Geneva, Switzerland},
    keywords = {social bot, social media, sybil account},
    location={Montréal, Québec, Canada},
    month={April}
} 

@ARTICLE{Wikipedia, 
    author={A. {Halfaker} and J. {Riedl}}, 
    journal={Computer}, 
    title={Bots and Cyborgs: Wikipedia's Immune System}, 
    year={2012}, 
    volume={45}, 
    number={3}, 
    pages={79-82}, 
    keywords={content management;encyclopaedias;Internet;robots;bots;cyborgs;Wikipedia immune system;content quality management;Social network services;Wikipedia;Network security;Human computer interaction;Computer interfaces;social computing;bots;cyborgs;Wikipedia}, 
    doi={10.1109/MC.2012.82}, 
    //ISSN={0018-9162}, 
    month={March},
}

@Inbook{turing2009,
    author="Turing, Alan M.",
    title="Computing Machinery and Intelligence",
    bookTitle="Parsing the Turing Test: Philosophical and Methodological Issues in the Quest for the Thinking Computer",
    year="2009",
    publisher="Springer Netherlands",
    address="Dordrecht",
    pages="23--65",
    //isbn="978-1-4020-6710-5",
    doi="10.1007/978-1-4020-6710-5_3",
    //url="https://doi.org/10.1007/978-1-4020-6710-5_3"
}

@article{DesignAnalysis,
    title = "Design and analysis of a social botnet",
    journal = "Computer Networks",
    volume = "57",
    number = "2",
    pages = "556 - 578",
    year = "2013",
    //note = "Botnet Activity: Analysis, Detection and Shutdown",
    //issn = "1389-1286",
    doi = "10.1016/j.comnet.2012.06.006",
    //url = "http://www.sciencedirect.com/science/article/pii/S1389128612002150",
    author = "Yazan Boshmaf and Ildar Muslukhov and Konstantin Beznosov and Matei Ripeanu",
    keywords = "Online social networks, Social network security, Automated social engineering, Online privacy, Botnets, Socialbots"
}

@ARTICLE{DetectingAutomation, 
    author={Z. Chu and S. Gianvecchio and H. Wang and S. Jajodia}, 
    journal={IEEE Transactions on Dependable and Secure Computing}, 
    title={Detecting Automation of Twitter Accounts: Are You a Human, Bot, or Cyborg?}, 
    year={2012}, 
    volume={9}, 
    number={6}, 
    pages={811-824}, 
    keywords={social networking (online);automation;Twitter accounts;cyborg;Web application;online social networking;microblogging;text based post;automated program;double edged sword;malicious bots;malicious contents;human assisted bot;tweeting behavior;tweet content;classification system;entropy based component;spam detection component;features extraction;Twitter;Social network services;Identification;Electronic mail;Blogs;Automatic identification;bot;cyborg;Twitter;social networks}, 
    doi={10.1109/TDSC.2012.75}, 
    //ISSN={1545-5971}, 
    month={Nov}
}

@inproceedings{DetectingSpammers,
    author = {Stringhini, Gianluca and Kruegel, Christopher and Vigna, Giovanni},
    title = {Detecting Spammers on Social Networks},
    booktitle = {Proceedings of the 26th Annual Computer Security Applications Conference},
    //series = {ACSAC '10},
    year = {2010},
    //isbn = {978-1-4503-0133-6},
    location = {Austin, Texas, USA},
    pages = {1--9},
    numpages = {9},
    //url = {http://doi.acm.org/10.1145/1920261.1920263},
    doi = {10.1145/1920261.1920263},
    acmid = {1920263},
    publisher = {ACM},
    address = {New York, NY, USA},
    month={December}
} 

@inproceedings{Markov,
    title={Markov Constraints for Generating Lyrics with Style.},
    author={Barbieri, Gabriele and Pachet, Fran{\c{c}}ois and Roy, Pierre and Degli Esposti, Mirko},
    booktitle={Ecai},
    volume={242},
    pages={115--120},
    year={2012},
    location={Montpellier, France},
    month={Aug},
    doi={10.3233/978-1-61499-098-7-115}
}

@inproceedings{OnlineHumanBotInteractions,
	author = {Onur Varol and Emilio Ferrara and Clayton Davis and Filippo Menczer and Alessandro Flammini},
	title = {Online Human-Bot Interactions: Detection, Estimation, and Characterization},
	booktitle = {International AAAI Conference on Web and Social Media (ICWSM)},
	year = {2017},
	keywords = {},
	//url = {https://aaai.org/ocs/index.php/ICWSM/ICWSM17/paper/view/15587},
	location={Montreal, Canada},
	month={May},
	publisher={AAAI Publications},
	pages={280-289}
	
}

@INPROCEEDINGS{PreprocessingFrameworkTwitter, 
    author={M. Kantepe and M. C. Ganiz}, 
    booktitle={2017 International Conference on Computer Science and Engineering (UBMK)}, 
    title={Preprocessing framework for Twitter bot detection}, 
    year={2017}, 
    volume={}, 
    number={}, 
    pages={630-634}, 
    keywords={feature extraction;learning (artificial intelligence);security of data;social networking (online);stock markets;Twitter bot detection;social media platforms;sybil accounts;spread misinformation;stock market actions;blackmailing people;social bot detection;supervised classification problem;extensive data preprocessing;feature extraction operations;Twitter user accounts;social bot accounts;machine learning algorithms;Handheld computers;Feature extraction;Twitter;Conferences;Data collection;Training;Tagging;component;sybil account;social bot;bot detection;feature engineering;model construction;machine learning}, 
    doi={10.1109/UBMK.2017.8093483}, 
    ISSN={}, 
    month={Oct},
    location={Antalya, Turkey}
}

@inproceedings{Captcha,
    title={Re: CAPTCHAs-Understanding CAPTCHA-Solving Services in an Economic Context},
    author={Motoyama, Marti and Levchenko, Kirill and Kanich, Chris and McCoy, Damon and Voelker, Geoffrey M and Savage, Stefan},
    booktitle={USENIX Security Symposium},
    volume={10},
    pages={435–452},
    year={2010}
}

@inproceedings{ReverseEngineeringSocialbot,
    author = {Freitas, Carlos and Benevenuto, Fabricio and Ghosh, Saptarshi and Veloso, Adriano},
    title = {Reverse Engineering Socialbot Infiltration Strategies in Twitter},
    booktitle = {Proceedings of the 2015 IEEE/ACM International Conference on Advances in Social Networks Analysis and Mining 2015},
    //series = {ASONAM '15},
    year = {2015},
    //isbn = {978-1-4503-3854-7},
    location = {Paris, France},
    pages = {25--32},
    numpages = {8},
    //url = {http://doi.acm.org/10.1145/2808797.2809292},
    doi = {10.1145/2808797.2809292},
    acmid = {2809292},
    publisher = {ACM},
    address = {New York, NY, USA},
    month={aug}
}

@ARTICLE{SoftwareBots, 
    author={C. Lebeuf and M. Storey and A. Zagalsky}, 
    journal={IEEE Software}, 
    title={Software Bots}, 
    year={2018}, 
    volume={35}, 
    number={1}, 
    pages={18-23}, 
    keywords={software agents;software engineering;current bot technology;software engineering;software bots;Software development;Graphical user interfaces;Bot (Internet);Software engineering;software bots;bots;chatbots;Slack;software engineering;software development;Software Technology}, 
    doi={10.1109/MS.2017.4541027}, 
    //ISSN={0740-7459}, 
    month={January}
}

@ARTICLE{theDarpaTwitterBotChallenge, 
    author={V. S. {Subrahmanian} and A. {Azaria} and S. {Durst} and V. {Kagan} and A. {Galstyan} and K. {Lerman} and L. {Zhu} and E. {Ferrara} and A. {Flammini} and F. {Menczer}}, 
    journal={Computer}, 
    title={The DARPA Twitter Bot Challenge}, 
    year={2016}, 
    volume={49}, 
    number={6}, 
    pages={38-46}, 
    keywords={social networking (online);DARPA Twitter bot challenge;social media;freedom of expression;influence bots;Facebook;Twitter;Media;Uniform resource locators;Social network services;Computer security;Tagging;social networks;intrusion detection;anomaly detection;malware mitigation;security}, 
    doi={10.1109/MC.2016.183}, 
    //ISSN={0018-9162}, 
    month={June},
    publisher={IEEE}
}

@article{RiseOfSocialBots,
    author = {Ferrara, Emilio and Varol, Onur and Davis, Clayton and Menczer, Filippo and Flammini, Alessandro},
    title = {The Rise of Social Bots},
    journal = {Communications of the ACM},
    issue_date = {July 2016},
    volume = {59},
    number = {7},
    year = {2016},
    //issn = {0001-0782},
    pages = {96--104},
    numpages = {9},
    //url = {http://doi.acm.org/10.1145/2818717},
    doi = {10.1145/2818717},
    acmid = {2818717},
    publisher = {ACM},
    address = {New York, NY, USA},
} 

@inproceedings{SocialbotNetwork,
    author = {Boshmaf, Yazan and Muslukhov, Ildar and Beznosov, Konstantin and Ripeanu, Matei},
    title = {The Socialbot Network: When Bots Socialize for Fame and Money},
    booktitle = {Proceedings of the 27th Annual Computer Security Applications Conference},
    //series = {ACSAC '11},
    year = {2011},
    //isbn = {978-1-4503-0672-0},
    location = {Orlando, Florida, USA},
    pages = {93--102},
    numpages = {10},
    //url = {http://doi.acm.org/10.1145/2076732.2076746},
    doi = {10.1145/2076732.2076746},
    acmid = {2076746},
    publisher = {ACM},
    address = {New York, NY, USA},
    month={Dec}
}

@inproceedings{sybilAttack,
    title={The Sybil attack},
    author={Douceur, John R},
    booktitle={Peer-to-Peer Systems, Cambridge, MA, USA},
    pages={251--260},
    year={2002},
    //location={Cambridge, MA, USA},
    doi={10.1007/3-540-45748-8_24},
    publisher={Springer Berlin Heidelberg},
    address={Berlin, Heidelberg},
    month={March}
}